@ARTICLE{convir,
  author={Cui, Yuning and Ren, Wenqi and Cao, Xiaochun and Knoll, Alois},
  journal={IEEE Transactions on Pattern Analysis and Machine Intelligence}, 
  title={Revitalizing Convolutional Network for Image Restoration}, 
  year={2024},
  volume={46},
  number={12},
  pages={9423-9438},
  keywords={Image restoration;Transformers;Task analysis;Convolution;Computer architecture;Frequency modulation;Computational modeling;Convolutional neural networks;frequency modulation;image restoration;representation learning},
  doi={10.1109/TPAMI.2024.3419007}}

@misc{kingma2017adammethodstochasticoptimization,
  title={Adam: A Method for Stochastic Optimization}, 
  author={Diederik P. Kingma and Jimmy Ba},
  year={2017},
  eprint={1412.6980},
  archivePrefix={arXiv},
  primaryClass={cs.LG},
  url={https://arxiv.org/abs/1412.6980}}

@misc{loshchilov2017sgdrstochasticgradientdescent,
  title={SGDR: Stochastic Gradient Descent with Warm Restarts}, 
  author={Ilya Loshchilov and Frank Hutter},
  year={2017},
  eprint={1608.03983},
  archivePrefix={arXiv},
  primaryClass={cs.LG},
  url={https://arxiv.org/abs/1608.03983}}

@misc{cubuk2019autoaugmentlearningaugmentationpolicies,
  title={AutoAugment: Learning Augmentation Policies from Data}, 
  author={Ekin D. Cubuk and Barret Zoph and Dandelion Mane and Vijay Vasudevan and Quoc V. Le},
  year={2019},
  eprint={1805.09501},
  archivePrefix={arXiv},
  primaryClass={cs.CV},
  url={https://arxiv.org/abs/1805.09501}}
